<record><leader>00000cas a22000007a 4500</leader><controlfield tag="001">28565820</controlfield><controlfield tag="008">930804d192u1942caudn ne      0    0eng d</controlfield><datafield ind1=" " ind2=" " tag="010"><subfield code="a">sn 93053360 </subfield></datafield><datafield ind1=" " ind2=" " tag="040"><subfield code="a">CNK</subfield><subfield code="b">eng</subfield><subfield code="c">CNK</subfield><subfield code="d">OCLCQ</subfield><subfield code="d">OCLCF</subfield><subfield code="d">OCLCO</subfield></datafield><datafield ind1="1" ind2=" " tag="029"><subfield code="a">AU@</subfield><subfield code="b">000025906288</subfield></datafield><datafield ind1=" " ind2=" " tag="042"><subfield code="a">msc</subfield></datafield><datafield ind1=" " ind2=" " tag="043"><subfield code="a">n-us-ca</subfield></datafield><datafield ind1="0" ind2=" " tag="130"><subfield code="a">Daily Hayward review (Hayward, Calif. : 1927)</subfield></datafield><datafield ind1="1" ind2="4" tag="245"><subfield code="a">The daily Hayward review.</subfield></datafield><datafield ind1="3" ind2="0" tag="246"><subfield code="a">Hayward review</subfield></datafield><datafield ind1=" " ind2=" " tag="260"><subfield code="a">Hayward, Calif. :</subfield><subfield code="b">Melo &amp; Moore</subfield></datafield><datafield ind1=" " ind2=" " tag="300"><subfield code="a">v.</subfield></datafield><datafield ind1=" " ind2=" " tag="310"><subfield code="a">Daily (except Sun.)</subfield></datafield><datafield ind1="1" ind2=" " tag="362"><subfield code="a">Ceased in 1942.</subfield></datafield><datafield ind1=" " ind2=" " tag="500"><subfield code="a">"Daily" appears in small type over rest of title at center of masthead.</subfield></datafield><datafield ind1=" " ind2=" " tag="515"><subfield code="a">Numbering changed from year to vol. with: v. 39, no. 202 (Oct. 14, 1930).</subfield></datafield><datafield ind1=" " ind2=" " tag="588"><subfield code="a">Description based on: 35th year, no. 276 (Jan. 10, 1927).</subfield></datafield><datafield ind1=" " ind2="0" tag="651"><subfield code="a">Hayward (Calif.)</subfield><subfield code="v">Newspapers.</subfield></datafield><datafield ind1=" " ind2="7" tag="655"><subfield code="a">Newspapers.</subfield><subfield code="2">fast</subfield><subfield code="0">(OCoLC)fst01423814</subfield></datafield><datafield ind1=" " ind2="7" tag="651"><subfield code="a">California</subfield><subfield code="z">Hayward.</subfield><subfield code="2">fast</subfield><subfield code="0">(OCoLC)fst01214375</subfield></datafield><datafield ind1=" " ind2=" " tag="752"><subfield code="a">United States</subfield><subfield code="b">California</subfield><subfield code="c">Alameda</subfield><subfield code="d">Hayward.</subfield></datafield><datafield ind1="0" ind2=" " tag="775"><subfield code="t">Hayward semi-weekly review</subfield><subfield code="w">(DLC)sn 93053364</subfield></datafield><datafield ind1="0" ind2=" " tag="775"><subfield code="t">Southern Alameda County shopper's news and Hayward semi-weekly review</subfield><subfield code="w">(DLC)sn 93053365</subfield></datafield><datafield ind1="0" ind2=" " tag="775"><subfield code="t">Southern Alameda County review and the latest shopper's news</subfield><subfield code="w">(DLC)sn 93053366</subfield></datafield><datafield ind1="0" ind2=" " tag="775"><subfield code="t">Southern Alameda County shopper's news</subfield><subfield code="w">(DLC)sn 93053367</subfield></datafield><datafield ind1="0" ind2=" " tag="775"><subfield code="t">Southern Alameda County news</subfield><subfield code="w">(DLC)sn 93053368</subfield></datafield><datafield ind1="0" ind2="0" tag="780"><subfield code="t">Hayward review (Hayward, Calif. : 1925)</subfield><subfield code="w">(DLC)sn 93053359</subfield></datafield><datafield ind1="0" ind2="0" tag="785"><subfield code="t">Hayward review (Hayward, Calif. : 1942)</subfield><subfield code="w">(DLC)sn 93053361</subfield></datafield></record>